
@misc{webgraph,
    title = "Webgraph of hyperlinks between webpages from {U}niversity of {N}otre {D}ame, collected in 1999 by {A}lbert, {J}eong and {B}arabasi",
    author = "",
    howpublished = "\url{https://snap.stanford.edu/data/web-NotreDame.html}"
}
